<record><leader>00000cas a22000007a 4500</leader><controlfield tag="001">49510403</controlfield><controlfield tag="008">020403d19891989azuwr ne      0   a0eng d</controlfield><datafield ind1=" " ind2=" " tag="010"><subfield code="a">sn2002060065</subfield></datafield><datafield ind1=" " ind2=" " tag="040"><subfield code="a">ANN</subfield><subfield code="b">eng</subfield><subfield code="c">ANN</subfield><subfield code="d">OCLCF</subfield><subfield code="d">OCLCO</subfield></datafield><datafield ind1="1" ind2=" " tag="029"><subfield code="a">AU@</subfield><subfield code="b">000023483385</subfield></datafield><datafield ind1=" " ind2=" " tag="042"><subfield code="a">msc</subfield></datafield><datafield ind1=" " ind2=" " tag="043"><subfield code="a">n-us-az</subfield></datafield><datafield ind1="0" ind2="0" tag="245"><subfield code="a">Quartzsite gem.</subfield></datafield><datafield ind1="0" ind2="0" tag="246"><subfield code="a">Gem</subfield></datafield><datafield ind1=" " ind2=" " tag="260"><subfield code="a">Quartzsite, Ariz. :</subfield><subfield code="b">[Quartzsite Gem],</subfield></datafield><datafield ind1=" " ind2=" " tag="300"><subfield code="a">v. :</subfield><subfield code="b">ill.</subfield></datafield><datafield ind1=" " ind2=" " tag="310"><subfield code="a">Weekly</subfield></datafield><datafield ind1="0" ind2=" " tag="362"><subfield code="a">Vol. 1, no. 1 (Jan.4, 1989)-v.1, no. 5 (Feb. 1, 1989).</subfield></datafield><datafield ind1=" " ind2="0" tag="651"><subfield code="a">Quartzsite (Ariz.)</subfield><subfield code="v">Newspapers.</subfield></datafield><datafield ind1=" " ind2="0" tag="651"><subfield code="a">La Paz County (Ariz.)</subfield><subfield code="v">Newspapers.</subfield></datafield><datafield ind1=" " ind2="7" tag="655"><subfield code="a">Newspapers.</subfield><subfield code="2">fast</subfield><subfield code="0">(OCoLC)fst01423814</subfield></datafield><datafield ind1=" " ind2="7" tag="651"><subfield code="a">Arizona</subfield><subfield code="z">La Paz County.</subfield><subfield code="2">fast</subfield><subfield code="0">(OCoLC)fst01230075</subfield></datafield><datafield ind1=" " ind2="7" tag="651"><subfield code="a">Arizona</subfield><subfield code="z">Quartzsite.</subfield><subfield code="2">fast</subfield><subfield code="0">(OCoLC)fst01254098</subfield></datafield><datafield ind1=" " ind2=" " tag="752"><subfield code="a">United States</subfield><subfield code="b">Arizona</subfield><subfield code="c">La Paz</subfield><subfield code="d">Quartzsite.</subfield></datafield><datafield ind1="0" ind2="0" tag="785"><subfield code="t">Gem (Quartzsite, Ariz.)</subfield><subfield code="w">(DLC)sn 95060928</subfield></datafield></record>